% This file was created with JabRef 2.10.
% Encoding: UTF8


@Book{MOREIRA:TOP_TEO_NUM,
  Title                    = {Tópicos de Teoria dos Números},
  Author                   = {Carlos Gustavo Tamm de Araujo Moreira and 
 Nicolau Corcao Saldanha and 
 Fabio Brochero Martinez},
  Year                     = {2012},
  Edition                  = {1},
  ISBN                     = {9788585818609},
  Pages                    = {320},
  Publisher                = {SBM},
  Series                   = {Coleção Profmat},

  Address                  = {Rio de Janeiro}
}

@Manual{ARAUJO:ABNTEX2CITE,
  Title                    = {O pacote abntex2cite: Estilos bibliográficos compatíveis com a {ABNT} {NBR} 6023},
  Author                   = {Lauro César Araujo},
  Year                     = {2018},
  Url                      = {http://tug.ctan.org/macros/latex/contrib/abntex2/doc/abntex2cite.pdf}
}

@Misc{ABNTEX,
  Title                    = {O pacote abntex2cite},
  Author                   = {Lauro César Araujo},
  Url                      = {http://www.abntex.net.br/},
  Year                     = {2015},
  Subtitle                 = {tópicos específicos da {ABNT} {NBR} 10520:2002 e o estilo bibliográfico alfabético (sistema autor-data)},

  Urlaccessdate            = {03 de março de 2020}
}

@Book{CARVALHO:MAT_DISC,
  Title                    = {Matemática Discreta},
  Author                   = {Paulo Cezar Pinto Carvalho and 
 Augusto Cezar de Oliveira Morgado},
  Year                     = {2015},
  Edition                  = {2},
  ISBN                     = {9788583370154},
  Pages                    = {192},
  Publisher                = {SBM},
  Series                   = {Coleção Profmat},

  Address                  = {Rio de Janeiro}
}

@Book{GOMEZ:GEO_ANA,
  Title                    = {Geometria Analítica},
  Author                   = {Jorge Joaqu{\'\i}n Delgado G\'omez and 
 Katia Rosenvald Frensel and 
 Lhaylla dos Santos Crissaff},
  Year                     = {2017},
  Edition                  = {2},
  ISBN                     = {9788583371212},
  Pages                    = {363},
  Publisher                = {SBM},
  Series                   = {Coleção Profmat},

  Address                  = {Rio de Janeiro}
}

@Book{GIRALDO:REC_COMP_ENS_MAT,
  Title                    = {Recursos Computacionais no Ensino da Matemática},
  Author                   = {Victor Giraldo and 
 Paulo Antonio Silvani Caetano and 
 Francisco Roberto Pinto Mattos},
  Year                     = {2013},
  Edition                  = {1},
  ISBN                     = {9788585818678},
  Pages                    = {423},
  Publisher                = {SBM},
  Series                   = {Coleção Profmat},

  Address                  = {Rio de Janeiro}
}

@Book{HEFEZ:ARIT,
  Title                    = {Aritmética},
  Author                   = {Abramo Hefez},
  Year                     = {2016},
  Edition                  = {2},
  ISBN                     = {9788583371052},
  Pages                    = {330},
  Publisher                = {SBM},
  Series                   = {Coleção Profmat}
}

@Book{HEFEZ:EX_RES_ARIT,
  Title                    = {Exercícios Resolvidos de Aritmética},
  Author                   = {Abramo Hefez},
  Year                     = {2016},
  Edition                  = {1},
  ISBN                     = {9788583371021},
  Pages                    = {204},
  Publisher                = {SBM},
  Series                   = {Coleção Profmat},

  Address                  = {Rio de Janeiro}
}

@Book{HEFEZ:EX_RES_ALG_LIN,
  Title                    = {Exercícios Resolvidos de Álgebra Linear},
  Author                   = {Abramo Hefez and Cecília de Souza Fernandes},
  Year                     = {2016},
  Edition                  = {1},
  ISBN                     = {9788583370857},
  Pages                    = {216},
  Publisher                = {SBM},
  Series                   = {Coleção Profmat},

  Address                  = {Rio de Janeiro}
}

@Book{HEFEZ:INTRO_ALG_LIN,
  Title                    = {Introdução à Álgebra Linear},
  Author                   = {Abramo Hefez and 
 Cecília de Souza Fernandes},
  Year                     = {2016},
  Edition                  = {2},
  ISBN                     = {9788583370871},
  Pages                    = {271},
  Publisher                = {SBM},
  Series                   = {Coleção Profmat},

  Address                  = {Rio de Janeiro}
}

@Book{HEFEZ:POLY_EQ_ALG,
  Title                    = {Polinômios e Equações Algébricas},
  Author                   = {Abramo Hefez and 
 Maria Lucia Torres Villela},
  Year                     = {2012},
  Edition                  = {1},
  ISBN                     = {9788585818630},
  Pages                    = {269},
  Publisher                = {SBM},
  Series                   = {Coleção Profmat},

  Address                  = {Rio de Janeiro}
}

@Mastersthesis{GEOGEBRA:TESE,
  Title                    = {{G}eo{G}ebra: Ein {S}oftwaresystem für dynamische {G}eometrie und {A}lgebra der {E}bene},
  Author                   = {Markus Hohenwarter},
  Year                     = {2002-02},
  Note                     = {(In German)},
  Type                     = {Mestrado em Matememática},

  School                   = {Paris Lodron University, Salzburg, Austria}
}

@Misc{GEOGEBRA,
  Title                    = {{G}eo{G}ebra},
  Author                   = {Hohenwarter, M. and Borcherds, M. and Ancsin, G. and Bencze, B. and Blossier, M. and 
 Delobelle, A. and Denizet, C. and Éliás, J. and 
 Fekete, Á and Gál, L. and Konecný, Z. and Kovács, Z. and 
 Lizelfelner, S. and Parisse, B. and Sturr, G.},
  Url                      = {http://www.geogebra.org},
  Year                     = {2017},

  Urlaccessdate            = {08 de abril de 2018}
}

@Book{LAMPORT:LATEX,
  Title                    = {Latex Document Preparation System},
  Author                   = {Leslie Lamport},
  Year                     = {1985},
  ISBN                     = {978-0201157901},
  Publisher                = {Addison Wesley Publishing Co}
}

@Book{LIMA:NUM_FUNC_R,
  Title                    = {Números e Funções Reais},
  Author                   = {Elon Lages Lima},
  Year                     = {2013},
  Edition                  = {1},
  ISBN                     = {9788585818814},
  Pages                    = {289},
  Publisher                = {SBM},
  Series                   = {Coleção Profmat},

  Address                  = {Rio de Janeiro}
}

@Article{LOPES:CELULAR,
  Title                    = {O uso do celular em sala de aula como ferramenta pedagógica: benefícios e desafios},
  Author                   = {P. A. Lopes and C. C. C. Pimenta},
  Year                     = {2017},
  Number                   = {1},
  Pages                    = {52-66},
  Volume                   = {3},

  Address                  = {Recife - PE},
  Journal                  = {Revista Cadernos de Estudos e Pesquisa na Educação Básica},
  Publisher                = {{CAP} {UFPE}}
}

@Book{MORAISFILHO:MAN_REDACAO_MAT,
  Title                    = {Manual de Redação Matemática},
  Author                   = {Daniel Cordeiro de Morais Filho},
  Year                     = {2014},
  Edition                  = {1},
  ISBN                     = {9788583370192},
  Pages                    = {169},
  Publisher                = {SBM},

  Address                  = {Rio de Janeiro}
}

@Book{MUNIZNETO:FUND_CALC,
  Title                    = {Fundamentos de Cálculo},
  Author                   = {Antonio Caminha Muniz Neto},
  Year                     = {2015},
  Edition                  = {1},
  ISBN                     = {9788583370369},
  Pages                    = {561},
  Publisher                = {SBM},
  Series                   = {Coleção Profmat},

  Address                  = {Rio de Janeiro}
}

@Book{MUNIZNETO:GEO,
  Title                    = {Geometria},
  Author                   = {Antonio Caminha Muniz Neto},
  Year                     = {2013},
  Edition                  = {1},
  ISBN                     = {9788585818937},
  Pages                    = {502},
  Publisher                = {SBM},
  Series                   = {Coleção Profmat},

  Address                  = {Rio de Janeiro}
}

@Book{PITOMBEIRA:TOP_HIST_MAT,
  Title                    = {Tópicos de História da Matemática},
  Author                   = {João Bosco Pitombeira and 
 Tatiana Marins Roque},
  Year                     = {2012},
  Edition                  = {1},
  ISBN                     = {9788585818654},
  Pages                    = {269},
  Publisher                = {SBM},
  Series                   = {Coleção Profmat},

  Address                  = {Rio de Janeiro}
}

@Book{RABELO:AVA_EDUC,
  Title                    = {Avaliação Educacional},
  Author                   = {Mauro Luiz Rabelo},
  Year                     = {2013},
  Edition                  = {1},
  ISBN                     = {9788583370062},
  Pages                    = {260},
  Publisher                = {SBM},
  Series                   = {Coleção Profmat},
  Subtitle                 = {fundamentos, metodologia e aplicações no contexto brasileiro},

  Address                  = {Rio de Janeiro}
}

@Book{ROUSSEAU:MAT_ATU_1,
  Title                    = {Matemática e Atualidade - Vol. 1},
  Author                   = {Christiane Rousseau and
 Yvan Saint-Aubin},
  Year                     = {2015},
  Edition                  = {1},
  ISBN                     = {9788583370314},
  Pages                    = {326},
  Publisher                = {SBM},
  Series                   = {Coleção Profmat},

  Address                  = {Rio de Janeiro}
}

@Book{ROUSSEAU:MAT_ATU_2,
  Title                    = {Matemática e Atualidade - Vol. 2},
  Author                   = {Yvan Saint-Aubin and 
 Christiane Rousseau},
  Year                     = {2015},
  Edition                  = {1},
  ISBN                     = {9788583370697},
  Pages                    = {374},
  Publisher                = {SBM},
  Series                   = {Coleção Profmat},

  Address                  = {Rio de Janeiro}
}

@Manual{REGINALDO:LATEX,
  Title                    = {Introdução ao {LaTeX}},
  Author                   = {Reginaldo J. Santos},
  Year                     = {10-2002},
  Url                      = {http://www.mat.ufmg.br/~regi/topicos/intlat.pdf},

  Address                  = {Belo Horizonte - MG},
  Urlaccessdate            = {18 de março de 2018}
}

@Manual{MARCIO:LATEX,
  Title                    = {Curso de Introdução ao {LaTeX}},
  Author                   = {Márcio Nascimento da Silva},
  Year                     = {2011-06},
  Publisher                = {Universidade Estadual Vale do Acaraú},
  Url                      = {http://arquivoescolar.org/bitstream/arquivo-e/197/1/apostila_latex_marcio_nascimento_da_silva_uva_ce_brasil.pdf},

  Urlaccessdate            = {18 de março de 2018}
}

@Manual{RANIERE:LATEX,
  Title                    = {Minicurso de {LaTeX}},
  Author                   = {Raniere Silva},
  Editor                   = {IMECC -- UNICAMP},
  Year                     = {2013},
  Url                      = {https://www.ime.unicamp.br/~encpos/VIII_EnCPos/Apostila_Latex.pdf},

  Address                  = {Campinas - SP},
  Urlaccessdate            = {18 de março de 2018}
}

@Mastersthesis{SOUZA:Bayesiana,
  Title                    = {Probabilidade Bayesiana: Conjecturas, Lógica e Aplicações},
  Author                   = {Carlos Roberto Amâncio Sousa},
  School                   = {Universidade Federal de Viçosa},
  Year                     = {2018}
}

@Inproceedings{SOUZA:1994,
  Title                    = {Influência da correção e do preparo do solo sobre algumas
 propriedades químicas do solo cultivado com bananeiras},
  Author                   = {L. S. Souza and A. L. Borges and J. O. Rezende},
  booktitle                = {Anais...},
  Year                     = {1994},
  Organization             = {Reuni\~ao Brasileira de Fertilidade do Solo e Nutri{\c c}\~ao de
 Plantas},
  Pages                    = {3-4},
  Publisher                = {EMBRAPA, CATSA},

  Address                  = {Petrolina},
  Conference-location      = {Petrolina},
  Conference-number        = {21},
  Conference-year          = {1994}
}

@Book{WAGNER:T_PROB_ELEM,
  Title                    = {Temas e Problemas Elementares},
  Author                   = {Eduardo Wagner and
 Elon Lages Lima and 
 Paulo Cezar Pinto Carvalho and 
 Augusto Cezar de Oliveira Morgado},
  Year                     = {2016},
  Edition                  = {4},
  ISBN                     = {9788585818746},
  Pages                    = {283},
  Publisher                = {SBM},
  Series                   = {Coleção Profmat},

  Address                  = {Rio de Janeiro}
}

@Misc{TEXSTUDIO,
  Title                    = {{TeXstudio} 2.12.8},
  Author                   = {Benito van der Zander amd Jan Sundermeyer and Daniel Braun and Tim Hoffmann},
  Url                      = {https://www.texstudio.org},
  Year                     = {2018-02-03},

  Urlaccessdate            = {08 de abril de 2018}
}

@Misc{JABREF,
  Title                    = {{JabRef} 4.1},
  Url                      = {http://www.jabref.org},
  Year                     = {2017-12-23},
  Organization             = {JabRef},

  Urlaccessdate            = {08 de abril de 2018}
}

@Misc{WIKI:TEO_FUND_ARIT,
  Title                    = {Teorema fundamental da aritmética},
  Url                      = {https://pt.wikipedia.org/wiki/Teorema_fundamental_da_aritmética},
  Year                     = {2017-09-13},
  Organization             = {Wikip\'edia},

  Urlaccessdate            = {18 de março de 2018}
}

@Manual{NBR6023:2000,
  Title                    = {{NBR} 6023},
  Year                     = {2000},
  Organization             = {Associa{\c c}\~ao Brasileira de Normas T\'ecnicas},
  Pages                    = {22},
  Subtitle                 = {Informação e documentação -- Referências -- Elaboração},

  Address                  = {Rio de Janeiro}
}

@Manual{LDB,
  Title                    = {Lei de Diretrizes e Bases da Educação Nacional n. 9394, de 20 de Dezembro de 1996},
  Year                     = {1996},
  Note                     = {Estabelece as diretrizes e bases da educação nacional},
  Organization             = {Brasil. Minist\'erio da Educa{\c c}\~ao},
  Publisher                = {MEC},

  Address                  = {Brasília}
}

